<record><leader>00000cas a22000007a 4500</leader><controlfield tag="001">19967953</controlfield><controlfield tag="008">890706d1885189upauwr ne      0    0eng d</controlfield><datafield ind1=" " ind2=" " tag="010"><subfield code="a">sn 89077533 </subfield></datafield><datafield ind1=" " ind2=" " tag="040"><subfield code="a">NPH</subfield><subfield code="b">eng</subfield><subfield code="c">NPH</subfield><subfield code="d">OCLCQ</subfield></datafield><datafield ind1=" " ind2=" " tag="042"><subfield code="a">msc</subfield></datafield><datafield ind1="0" ind2="0" tag="245"><subfield code="a">Wayne and Berwyn times herald.</subfield></datafield><datafield ind1="3" ind2="0" tag="246"><subfield code="a">Times herald Wayne and Berwyn</subfield></datafield><datafield ind1="3" ind2="0" tag="246"><subfield code="a">Times herald</subfield></datafield><datafield ind1="3" ind2="0" tag="246"><subfield code="a">Wayne times and Berwyn herald</subfield></datafield><datafield ind1=" " ind2=" " tag="260"><subfield code="a">Wayne, Del. Co., Pa. :</subfield><subfield code="b">George W. Brown &amp; Son</subfield></datafield><datafield ind1=" " ind2=" " tag="300"><subfield code="a">v. :</subfield><subfield code="b">ill. (chiefly advertisements)</subfield></datafield><datafield ind1=" " ind2=" " tag="310"><subfield code="a">Weekly</subfield></datafield><datafield ind1="1" ind2=" " tag="362"><subfield code="a">Began in 1885?</subfield></datafield><datafield ind1=" " ind2=" " tag="500"><subfield code="a">The words "Wayne and Berwyn" inserted between the words "Times herald."</subfield></datafield><datafield ind1=" " ind2=" " tag="588"><subfield code="a">Description based on: Vol. 7, no. 17 (Aug. 8, 1891).</subfield></datafield><datafield ind1=" " ind2=" " tag="752"><subfield code="a">United States</subfield><subfield code="b">Pennsylvania</subfield><subfield code="c">Delaware</subfield><subfield code="d">Wayne.</subfield></datafield><datafield ind1="0" ind2="0" tag="785"><subfield code="t">Wayne times (Wayne, Pa.)</subfield><subfield code="w">(DLC)sn 89077532</subfield></datafield></record>